@inproceedings{brian,
	author    	= {Brian Sierkowski},
	title     	= {Achieving web accessibility},
	pages     	= {288--291}, 	
	booktitle 	= {SIGUCCS '02: Proceedings of the 30th annual ACM SIGUCCS conference on User services},	
	year      	= {2002},
	month		= {November},
	address		= {Providence, USA},
	publisher	= {Association for Computing Machinery, New York}
}

@manual{WCAG:2.1,
	number 		= {Version 2.1},
	title 		= {Web Content Accessibility Guidelines},
	year 		= {2018},
	organization= {W3C Web Accessibility Initiative (WAI)},	
	address 	= {Massachusetts, USA},
	url			= {https://www.w3.org/TR/WCAG21/},
}

@manual{SharIF_Judge,
	number 		= {Commit 02ce9a0},
	title 		= {SharIF-Judge},
	year 		= {2019},
	organization= {Fakultas Teknologi Informasi dan Sains Universitas Katolik Parahyangan},	
	address 	= {Bandung, Indonesia},
	url			= {https://github.com/ifunpar/SharIF-Judge},
}

@manual{Sharif_Judge_Original,
	number 		= {Commit 642120b},
	title 		= {Sharif-Judge},
	year 		= {2015},
	organization= {},	
	address 	= {},
	url			= {https://github.com/mjnaderi/Sharif-Judge},
}

@manual{Codeigniter,
	number 		= {Version 3.0},
	title 		= {Codeigniter},
	year 		= {2013},
	organization= {British Columbia Institute of Technology},	
	address 	= {Burnaby, Canada},
	url			= {https://codeigniter.com/userguide3/general/welcome.html},
}
